@misc{ Amazon,
       author = "{Amazon.de}", 
       title = "{RaspberryPiHardware}",
       note =  "{\url{http://www.amazon.de/Raspberry-Pi-RBCA000-Mainboard-1176JZF-S/dp/B008PT4GGC};
                  aufgerufen am 13.Dezember 2013 .}"
                  }
                  
@misc{ SDCard,
       author = "{elinux.org}", 
       title = "{Setting up SDCard}",
       note =  "{\url{http://elinux.org/RPi_Easy_SD_Card_Setup};
                  aufgerufen am 13.Dezember 2013 .}"
                  }
                  
@misc{ RosInstall,
       author = "{wiki.ros.org}", 
       title = "{RosInstall}",
       note =  "{\url{http://wiki.ros.org/groovy/Installation/Raspbian};
                  aufgerufen am 13.Dezember 2013 .}"
                  }
                                     
@misc{ RosTuts,
       author = "{wiki.ros.org}", 
       title = "{RosTuts}",
       note =  "{\url{http://wiki.ros.org/ROS/StartGuide};
                  aufgerufen am 13.Dezember 2013 .}"
                  }  
                                                       
@misc{ Workspace,
       author = "{wiki.ros.org}", 
       title = "{Workspace}",
       note =  "{\url{http://wiki.ros.org/ROS/Tutorials/InstallingandConfiguringROSEnvironment                           };
                  aufgerufen am 13.Dezember 2013 .}"
                  }
                  
@misc{ PythonCode,
       author = "{wiki.ros.org}", 
       title = "{PythonCode}",
       note = "{\url{http://wiki.ros.org/ROS/Tutorials/WritingPublisherSubscriber%28python%29                                           };
                  aufgerufen am 13.Dezember 2013 .}"
                  }    
    
@misc{ C++Code,
       author = "{wiki.ros.org}", 
       title = "{C++Code}",
       note = "{\url{http://wiki.ros.org/ROS/Tutorials/WritingPublisherSubscriber%28c%2B%2B%29             };
                  aufgerufen am 13.Dezember 2013 .}"
                  }        
     
@misc{ NetworkSetup,
       author = "{wiki.ros.org}", 
       title = "{NetworkSetup}",
       note =  "{\url{http://wiki.ros.org/ROS/NetworkSetup};
                  aufgerufen am 13.Dezember 2013 .}"
                  }      
   
@misc{ TeleopApp,
       author = "{Steffen Pfiffner}", 
       title = "{TeleopApp}",
       note =  "{\url{https://github.com/fivef/android_core/tree/groovy-devel/android_gyro_teleop};
                  aufgerufen am 13.Dezember 2013 .}"
                  }   

@misc{ Motorsteuerung,
       author = "{Tobias Miller}", 
       title = "{Motorsteuerung}",
       note =  "{\url{https://github.com/Alminc91/Motorsteuerung_Ros};
                  aufgerufen am 13.Dezember 2013 .}"
                  }                     
                    
    
%http://wiki.ros.org/groovy/Installation/Raspbian            
%http://de.wikipedia.org/wiki/Raspberry_Pi
%http://www.amazon.de/Raspberry-Pi-RBCA000-Mainboard-1176JZF-S/dp/B008PT4GGC
%http://www.raspbian.org/
%http://www.softwareok.de/?seite=faq-System-Allgemein&faq=13
%http://de.wikipedia.org/wiki/ARM-Architektur
%http://www.rn-wissen.de/index.php/Raspberry_PI:_GPIO
%http://www.raspberrypi.org/faqs <- bild Rasp
%http://www.euron.org/maps/germany <- bild Volksbot
