@misc{ iki,
       author = "{Marc GÃ¶tz}", 
       title = "{Robot Navigation in Unknown Environment Based on Combined 2D and 3D Information}",
       note =  "{August 2013}"
                  }

@misc{ ros5,
       author = "{Amazon.de}", 
       title = "{RaspberryPiHardware}",
       note =  "{\url{http://www.amazon.de/Raspberry-Pi-RBCA000-Mainboard-1176JZF-S/dp/B008PT4GGC};
                  aufgerufen am 13.Dezember 2013 .}"
                  }
                  
@misc{ slam,
       author = "{elinux.org}", 
       title = "{Setting up SDCard}",
       note =  "{\url{http://elinux.org/RPi_Easy_SD_Card_Setup};
                  aufgerufen am 13.Dezember 2013 .}"
                  }
                  
@misc{ arm,
       author = "{wiki.ros.org}", 
       title = "{RosInstall}",
       note =  "{\url{http://wiki.ros.org/groovy/Installation/Raspbian};
                  aufgerufen am 13.Dezember 2013 .}"
                  }
                                     
@misc{ carmen,
       author = "{wiki.ros.org}", 
       title = "{RosTuts}",
       note =  "{\url{http://wiki.ros.org/ROS/StartGuide};
                  aufgerufen am 13.Dezember 2013 .}"
                  }  
                                                       
@misc{ Workspace,
       author = "{wiki.ros.org}", 
       title = "{Workspace}",
       note =  "{\url{http://wiki.ros.org/ROS/Tutorials/InstallingandConfiguringROSEnvironment                           };
                  aufgerufen am 13.Dezember 2013 .}"
                  }
                  
@misc{ yarp,
       author = "{wiki.ros.org}", 
       title = "{PythonCode}",
       note = "{\url{http://wiki.ros.org/ROS/Tutorials/WritingPublisherSubscriber%28python%29                                           };
                  aufgerufen am 13.Dezember 2013 .}"
                  }    
    
@misc{ microsoft,
       author = "{wiki.ros.org}", 
       title = "{C++Code}",
       note = "{\url{http://wiki.ros.org/ROS/Tutorials/WritingPublisherSubscriber%28c%2B%2B%29             };
                  aufgerufen am 13.Dezember 2013 .}"
                  }        
     
@misc{ orocos,
       author = "{wiki.ros.org}", 
       title = "{NetworkSetup}",
       note =  "{\url{http://wiki.ros.org/ROS/NetworkSetup};
                  aufgerufen am 13.Dezember 2013 .}"
                  }      
   
@misc{ orca,
       author = "{Steffen Pfiffner}", 
       title = "{TeleopApp}",
       note =  "{\url{https://github.com/fivef/android_core/tree/groovy-devel/android_gyro_teleop};
                  aufgerufen am 13.Dezember 2013 .}"
                  }   

@misc{ equation,
       author = "{Tobias Miller}", 
       title = "{Motorsteuerung}",
       note =  "{\url{https://github.com/Alminc91/Motorsteuerung_Ros};
                  aufgerufen am 13.Dezember 2013 .}"
                  }                                         
                  
@misc{ repos,
       author = "{Wikipedia}", 
       title = "{Pi}",
       note =  "{\url{http://de.wikipedia.org/wiki/Raspberry_Pi};
                  aufgerufen am 13.Dezember 2013 .}"
                  }                                                          
             
@misc{ sd,
       author = "{Raspberrypi.org}", 
       title = "{Pipic}",
       note =  "{\url{http://www.raspberrypi.org/faqs};
                  aufgerufen am 13.Dezember 2013 .}"
                  }                                                                       
             
@misc{ groovy,
       author = "{Wikipedia}", 
       title = "{ARM}",
       note =  "{\url{http://de.wikipedia.org/wiki/ARM-Architekturs};
                  aufgerufen am 13.Dezember 2013 .}"
                  }                                                                                    

@misc{ ros,
       author = "{Raspbian.org}", 
       title = "{Raspbian}",
       note =  "{\url{http://www.raspbian.org/};
                  aufgerufen am 13.Dezember 2013 .}"
                  }                                                                                    
           
@misc{ goku,
       author = "{ros.org}", 
       title = "{ROSDescription}",
       note =  "{\url{http://wiki.ros.org/de};
                  aufgerufen am 13.Dezember 2013 .}"
                  }                                                                                                      